@book{latex,
  title = {LaTeX : A Documentation Preparation System User's Guide and Reference Manual},
  publisher = {Addison-Wesley Professional},
  year = {1994},
  author = {Leslie Lamport}
}

@book{bridson2015fluid,
  title={Fluid simulation for computer graphics},
  author={Bridson, Robert},
  year={2015},
  publisher={AK Peters/CRC Press}
}
@inproceedings{bridson2007fluid,
  title={Fluid simulation: SIGGRAPH 2007 course notes Video files associated with this course are available from the citation page},
  author={Bridson, Robert and M{\"u}ller-Fischer, Matthias},
  booktitle={ACM SIGGRAPH 2007 courses},
  pages={1--81},
  year={2007},
  organization={ACM}
}